<?xml version="1.0" encoding="UTF-8"?><collection xmlns="http://www.loc.gov/MARC21/slim"><record><leader>00426nam--2200121-i-4500</leader><controlfield tag="001">000005177</controlfield><controlfield tag="002">20161230</controlfield><controlfield tag="005">20161230201026</controlfield><controlfield tag="008">060222s1000------------r-----000-0-eng-d</controlfield><datafield ind1=" " ind2=" " tag="100"><subfield code="a">Bouche, Ch. Und Wintterlin, K</subfield></datafield><datafield ind1=" " ind2=" " tag="245"><subfield code="a">Kolbenverdichter. einfuhrung in arbeitsweise bau und betrieb von luft-und gasverdichtern mit kolbenbewegung. 3-te neubearbeitete. aufl</subfield></datafield><datafield ind1=" " ind2=" " tag="260"><subfield code="a">Berlin, Springer-verlag, 1960 Vii + 148 P</subfield></datafield><datafield ind1=" " ind2=" " tag="852"><subfield code="a">14258</subfield></datafield></record></collection>